@online{Sum of absolute differences,
ALTauthor = {},
ALTeditor = {},
title = {},
date = {06/05/2016},
url = {https://en.wikipedia.org/wiki/Sum_of_absolute_differences},
}
@online{OpenCV Documentation,
ALTauthor = {},
ALTeditor = {},
title = {},
date = {},
url = {http://docs.opencv.org/2.4/},
}

@Article{stereopaper,
  author = {Heiko Hirschm√ºller},
  title  = {Stereo Processing by Semi-global Matching and Mutual Information},
  year   = {2011},
}