@online{Sobel derivatives,
ALTauthor = {},
ALTeditor = {},
title = {},
date = {07/05/2016},
url = {http://docs.opencv.org/2.4/doc/tutorials/imgproc/imgtrans/sobel_derivatives/sobel_derivatives.html},
}
@online{Canny Edge Detector,
ALTauthor = {},
ALTeditor = {},
title = {},
date = {},
url = {http://docs.opencv.org/2.4/doc/tutorials/imgproc/imgtrans/canny_detector/canny_detector.html},
}


@online{Laplace Operator,
ALTauthor = {},
ALTeditor = {},
title = {},
date = {},
url = {http://docs.opencv.org/2.4/doc/tutorials/imgproc/imgtrans/laplace_operator/laplace_operator.html},
}


@online{Edge Detection,
ALTauthor = {},
ALTeditor = {},
title = {},
date = {},
url = {https://en.wikipedia.org/wiki/Edge_detection},
}
